<?xml version="1.0" encoding="utf-8"?>
<Document xmlns="urn:iso:std:iso:20022:tech:xsd:pain.008.001.02" xmlns:xsi="http://www.w3.org/2001/XMLSchema-instance" xmlns:xsd="http://www.w3.org/2001/XMLSchema" xsi:schemaLocation="urn:iso:std:iso:20022:tech:xsd:pain.008.001.02 pain.008.001.02.xsd">
  <CstmrDrctDbtInitn>
    <GrpHdr>
      <MsgId>MSG-20260202170811-Sparkassen</MsgId>
      <CreDtTm>2026-02-02T17:08:11</CreDtTm>
      <NbOfTxs>1</NbOfTxs>
      <CtrlSum>1.00</CtrlSum>
      <InitgPty>
        <Nm>Buergerschuetzengesellschaft Noerten-Hardenberg e.V.</Nm>
      </InitgPty>
    </GrpHdr>
    <PmtInf>
      <PmtInfId>MSG-20260202170811-Sparkassen-1</PmtInfId>
      <PmtMtd>DD</PmtMtd>
      <NbOfTxs>1</NbOfTxs>
      <CtrlSum>1.00</CtrlSum>
      <PmtTpInf>
        <SvcLvl>
          <Cd>SEPA</Cd>
        </SvcLvl>
        <LclInstrm>
          <Cd>CORE</Cd>
        </LclInstrm>
        <SeqTp>FRST</SeqTp>
      </PmtTpInf>
      <ReqdColltnDt>2026-02-17</ReqdColltnDt>
      <Cdtr>
        <Nm>Buergerschuetzen-Gesellschaft Noerten-Hardenberg e.V.</Nm>
      </Cdtr>
      <CdtrAcct>
        <Id>
          <IBAN>DE11111111111111111111</IBAN>
        </Id>
      </CdtrAcct>
      <CdtrAgt>
        <FinInstnId>
          <BIC>NOLADE21NOM</BIC>
        </FinInstnId>
      </CdtrAgt>
      <DrctDbtTxInf>
        <PmtId>
          <EndToEndId>d75a01c3f5a344e2a15c4deedc0b534e</EndToEndId>
        </PmtId>
        <InstdAmt Ccy="EUR">1.00</InstdAmt>
        <DrctDbtTx>
          <MndtRltdInf>
            <MndtId>MANDATE-26-022-0009-20260124</MndtId>
            <DtOfSgntr>2025-04-05</DtOfSgntr>
          </MndtRltdInf>
          <CdtrSchmeId>
            <Id>
              <PrvtId>
                <Othr>
                  <Id>DE80ZZZ00000207467</Id>
                  <SchmeNm>
                    <Prtry>SEPA</Prtry>
                  </SchmeNm>
                </Othr>
              </PrvtId>
            </Id>
          </CdtrSchmeId>
        </DrctDbtTx>
        <DbtrAgt>
          <FinInstnId>
            <Othr>
              <Id>NOTPROVIDED</Id>
            </Othr>
          </FinInstnId>
        </DbtrAgt>
        <Dbtr>
          <Nm>Raimund Keese und Angela Keese</Nm>
        </Dbtr>
        <DbtrAcct>
          <Id>
            <IBAN>DE00000000000000000000</IBAN>
          </Id>
        </DbtrAcct>
        <RmtInf>
          <Ustrd>Testbeitrag</Ustrd>
        </RmtInf>
      </DrctDbtTxInf>
    </PmtInf>
  </CstmrDrctDbtInitn>
</Document>
